%! Author = naimg
%! Date = 11/27/2023

@author{cite_key,
 author = {Naïm Gómez I Cano},
 title = {Cálculo de Una Variable},
 year = {2023},
 address = {Sant Quirze Safaja},
}